@techreport{brfss_overview,
  author = {CDC},
  institution = {Centers for Disease Control and Prevention},
  title = {OVERVIEW: BRFSS 2015},
  year = {2016},
  url = {https://www.cdc.gov/brfss/annual_data/2015/pdf/overview_2015.pdf}
}